<record><leader>00000cas a2200000 a 4500</leader><controlfield tag="001">27879472</controlfield><controlfield tag="008">930408d18901966cauwr ne      0    0eng c</controlfield><datafield ind1=" " ind2=" " tag="010"><subfield code="a">sn 93050987 </subfield></datafield><datafield ind1=" " ind2=" " tag="040"><subfield code="a">CUY</subfield><subfield code="b">eng</subfield><subfield code="c">CNK</subfield><subfield code="d">OCLCQ</subfield><subfield code="d">CNK</subfield><subfield code="d">OCLCQ</subfield><subfield code="d">OCLCF</subfield><subfield code="d">OCLCO</subfield></datafield><datafield ind1="1" ind2=" " tag="029"><subfield code="a">AU@</subfield><subfield code="b">000020751765</subfield></datafield><datafield ind1=" " ind2=" " tag="042"><subfield code="a">pcc</subfield></datafield><datafield ind1=" " ind2=" " tag="043"><subfield code="a">n-us-ca</subfield></datafield><datafield ind1="0" ind2=" " tag="130"><subfield code="a">Santa Clara journal (Santa Clara, Calif. : 1890)</subfield></datafield><datafield ind1="1" ind2="0" tag="245"><subfield code="a">Santa Clara journal.</subfield></datafield><datafield ind1="1" ind2="3" tag="246"><subfield code="a">Semiweekly Santa Clara journal</subfield><subfield code="f">&lt;Dec. 13, 1890-June 22, 1937&gt;</subfield></datafield><datafield ind1=" " ind2=" " tag="260"><subfield code="a">Santa Clara, Cal. :</subfield><subfield code="b">N.H. Downing</subfield></datafield><datafield ind1=" " ind2=" " tag="300"><subfield code="a">v.</subfield></datafield><datafield ind1=" " ind2=" " tag="310"><subfield code="a">Weekly,</subfield><subfield code="b">Dec. 6, 1961-Oct. 26, 1966</subfield></datafield><datafield ind1=" " ind2=" " tag="321"><subfield code="a">Semiweekly,</subfield><subfield code="b">Dec. 13, 1890-&lt;June 22, 1937&gt;</subfield></datafield><datafield ind1=" " ind2=" " tag="321"><subfield code="a">Weekly,</subfield><subfield code="b">&lt;Dec. 25, 1942&gt;-Oct. 22, 1959</subfield></datafield><datafield ind1=" " ind2=" " tag="321"><subfield code="a">Daily,</subfield><subfield code="b">Oct. 28, 1959-Nov. 30, 1961</subfield></datafield><datafield ind1="1" ind2=" " tag="362"><subfield code="a">Began in 1890.</subfield></datafield><datafield ind1="0" ind2=" " tag="362"><subfield code="a">-v. 94, no. 50 (Oct. 26, 1966).</subfield></datafield><datafield ind1=" " ind2=" " tag="500"><subfield code="a">"Daily" appears above masthead, May 19-Nov. 30, 1961.</subfield></datafield><datafield ind1=" " ind2=" " tag="515"><subfield code="a">Issues for Oct. 28, 1959-Nov. 30, 1961 called: v. 1, no. 1-v. 2, no. 269.</subfield></datafield><datafield ind1=" " ind2=" " tag="530"><subfield code="a">Master negatives are available for duplication from:</subfield><subfield code="b">California Newspaper Microfilm Archive;</subfield><subfield code="c">positive copies may be purchased by the reel; for further information consult the CNMA at:</subfield><subfield code="u">http://cbsr.ucr.edu</subfield></datafield><datafield ind1=" " ind2=" " tag="588"><subfield code="a">Description based on: Vol. 12, no. 60 (Dec. 13, 1890).</subfield></datafield><datafield ind1=" " ind2="0" tag="651"><subfield code="a">Santa Clara (Calif.)</subfield><subfield code="v">Newspapers.</subfield></datafield><datafield ind1=" " ind2="7" tag="655"><subfield code="a">Newspapers.</subfield><subfield code="2">fast</subfield><subfield code="0">(OCoLC)fst01423814</subfield></datafield><datafield ind1=" " ind2="7" tag="651"><subfield code="a">California</subfield><subfield code="z">Santa Clara.</subfield><subfield code="2">fast</subfield><subfield code="0">(OCoLC)fst01205013</subfield></datafield><datafield ind1=" " ind2=" " tag="752"><subfield code="a">United States</subfield><subfield code="b">California</subfield><subfield code="c">Santa Clara</subfield><subfield code="d">Santa Clara.</subfield></datafield><datafield ind1="0" ind2="0" tag="780"><subfield code="t">Semi-weekly Santa Clara journal</subfield><subfield code="w">(DLC)sn 86064444</subfield></datafield><datafield ind1="0" ind2="7" tag="785"><subfield code="t">Santa Clara news (Santa Clara, Calif. : 1901)</subfield><subfield code="w">(DLC)sn 93050985</subfield></datafield><datafield ind1="0" ind2="7" tag="785"><subfield code="t">Santa Clara journal news</subfield><subfield code="w">(DLC)sn 95062152</subfield></datafield></record>